@phdthesis {,
Author = {},
Title = {},
School = {},
Year = {} }

@techreport {,
Author = {},
Title = {},
Institution = {},
Year = {} }

@inbook {,
author = {},
title = {},
publisher = {},
address = {},
year = {},
type = {},
chapter = {},
Editor = {} }

@misc{,
  author = {},
  title = {},
  text = {},
  year = {},
  url = {} }

@inproceedings {,
Author = {},
Title = {},
BookTitle = {},
Pages = {},
Year = {} }

@book {,
Author = {},
Title = {},
Publisher = {},
Year = {} }

@article {,
Author = {},
Title = {},
Journal = {},
Volume = {},
Pages = {},
Month = {},
Number = {},
Year = {} }

@book {Harris04,
Author = {Fredric J. Harris},
Title = {Multirate Signal Processing for Communication Systems},
Publisher = {Prentice Hall},
Year = {2004} }

@book {Gersho92,
Author = {Allen Gersho and Robert M. Gray},
Title = {Vector Quantization and Signal Compression},
Publisher = {Kluwer Academic Publishers},
Year = {1992} }

@article {Genossar94,
Author = {M. Genossar and H. Lev-Ari and T. Kailath},
Title = {Consistent Estimation of the Cyclic Autocorrelation},
Journal = {IEEE Transactions on Signal Processing},
Volume = {42},
Pages = {595-603},
Month = {March},
Number = {3},
Year = {1994} }


@article {Antoni07,
Author = {J\'{e}r\^{o}me Antoni},
Title = {Cyclic spectral analysis in practice},
Journal = {Mechanical Systems and Signal Processing},
Volume = {21},
Pages = {597–630},
Year = {2007} }

@book {Ambardar06,
Author = {A. Ambardar},
Title = {Digital Signal Processing: {A} Modern Introduction},
Publisher = {Cengage Learning},
Year = {2006} }

@book {Kay06,
Author = {S. Kay},
Title = {Intuitive Probability and Random Processes Using Matlab},
Publisher = {Springer},
Year = {2006} }

@book {Corduneanu68,
Author = {C. Corduneanu},
Title = {Almost Periodic Functions},
Publisher = {Interscience Publishers (John Wiley \& Sons)},
Year = {1968} }

@book {Madisetti99,
Author = {V. Madisetti and D. Williams},
Title = {Digital Signal Processing Handbook},
Publisher = {Chapman \& Hall, CRC Press},
Year = {1999} }

%Editor = {V. Madisetti and D. Williams}
@inbook {Giannakis99,
author = {G. Giannakis},
title = {Digital Signal Processing Handbook},
Publisher = {Chapman \& Hall, CRC Press},
year = {1999},
chapter = {17 - Cyclostationary Signal Analysis}
 }

@techreport{usc97,
    address = {Los Angeles, CA 90089-2564 USA, 3740 McClintock Ave},
    author = {Weber, Allan G.},
    edition = {5},
    institution = {University of Southern California, Signal and Image Processing Institute, Department of Electrical Engineering},
    journal = {USC-SIPI Report \#315},
    month = oct,
    title = {{The USC-SIPI Image Database}},
    year = {1997}
}

@article {Rodgers84,
Author = {J. Rodgers and W. Nicewander and L. Toothaker},
Title = {Linearly Independent, Orthogonal, and Uncorrelated Variables},
Journal = {The American Statistician},
Volume = {38},
Pages = {133-134},
Month = {May},
Number = {2},
Year = {1984} }

@article {Neeser93,
Author = {Fredy D. Neeser and James L. Massey},
Title = {Proper Complex Random Processes with Applications to Information Theory},
Journal = {IEEE Transactions on Information Theory},
Volume = {39},
Pages = {1293-1302},
Month = {July},
Number = {4},
Year = {1993} }

@book {Schreier10,
Author = {P. J. Schreier and L. L. Scharf},
Title = {Statistical Signal Processing of Complex-Valued Data: {T}he Theory of Improper and Noncircular Signals},
Publisher = {Cambridge Univ. Press},
Year = {2010} }

@article {Adali11,
Author = {Tulay Adali and Peter J. Schreier and Louis L. Scharf},
Title = {Complex-Valued Signal Processing: {T}he Proper Way to Deal With Impropriety},
Journal = {IEEE Transactions on Signal Processing},
Volume = {59},
Month = {Nov.},
Pages = {5101-25},
Year = {2011} }

@article {Hori92,
Author = {N. Hori and R. Cormier-Jr and K. Kanai},
Title = {On matched pole-zero discrete-time models},
Journal = {IEE Proceedings-D  Control Theory and Applications},
Volume = {139},
Month = {May},
Pages = {273 - 278},
Year = {1992} }

@article {Nelatury07,
Author = {S. Nelatury},
Title = {Additional correction to the impulse invariance method for the design of IIR digital filters},
Journal = {Elsevier Digital Signal Processing},
Volume = {17},
Pages = {530–540},
Year = {2007} }

@article {Cavicchi96,
Author = {T. Cavicchi},
Title = {Impulse Invariance and Multiple-Order Poles},
Journal = {IEEE Transactions on Signal Processing},
Volume = {44},
Pages = {2344-47},
Month = {Sep.},
Number = {9},
Year = {1996} }

@article {Huang90b,
Author = {D. Huang},
Title = {Selecting Order for General Autoregressive Models by Minimum Description Length
},
Journal = {Journal of Time Series Analysis},
Volume = {11},
Pages = {107–119},
Month = {March},
Number = {2},
DOI = {10.1111/j.1467-9892.1990.tb00045.x},
Year = {1990} }

@article {Nuttall81,
Author = {A. H. Nuttall},
Title = {Some Windows with Very Good Sidelobe Behaviour},
Journal = {IEEE Transactions of Acoustics, Speech, and Signal Processing},
Volume = {29},
Pages = {84-91},
Month = {February},
Number = {1},
Year = {1981} }

@article {Lyons11,
Author = {R. Lyons},
Title = {Reducing {FFT} Scalloping Loss Errors Without Multiplication},
Journal = {IEEE Signal Processing Magazine},
Volume = {28},
Pages = {112-116},
Month = {March},
Number = {2},
Year = {2011} }

@article {Harris78,
Author = {Fredric Harris},
Title = {On the use of Windows for Harmonic Analysis with the Discrete {F}ourier Transform},
Journal = {Proceedings of the IEEE},
Volume = {66},
Pages = {51-83},
Year = {1978} }

@article {Mitchell97b,
Author = {M. W. Mitchell and R. Y. Chiao},
Title = {Negative group delay and fronts in a causal system: {A}n experiment with very low frequency bandpass amplifiers},
Journal = {Physics Letters},
Pages = {133-138},
Month = {June},
Year = {1997} }

@book {Mallat08,
Author = {S. Mallat},
Edition = {3rd},
Title = {A Wavelet Tour of Signal Processing},
Publisher = {Academic Press},
Year = {2008} }


@book {Nikias93,
Author = {C. Nikias and A. P. Petropulu},
Title = {Higher Order Spectra Analysis: {A} Non-Linear Signal Processing Framework},
Publisher = {Prentice Hall},
Year = {1993} }


@article {Potrebic10,
Author = {M. M. Potrebic and D. V. Tosic and P. V. Pejovic},
Title = {Understanding Computation of Impulse Response in Microwave Software Tools},
Journal = {IEEE Transactions on Education},
Volume = {53},
Pages = {547-555},
Month = {Nov},
Number = {4},
Year = {2010} }

@article {Glover06,
Author = {I.A. Glover and N. Sengupta},
Title = {On the dimensions and interpretation of impulse response},
Journal = {International Journal of Electrical Engineering Education},
Volume = {43},
Number = {3},
Pages = {271-274},
Month = {July},
Year = {2006} }

@article {Vogel12,
Author = {P. Vogel},
Title = {Discrete-Time {LTI} Systems Beyond Convolution},
Journal = {IEEE Transactions on Signal Processing},
Volume = {60},
Month = {Aug.},
Pages = {4055-64},
Year = {2012} }

@book {Diniz10,
Author = {P. S. R. Diniz and E. A. B. da Silva and S. L. Netto},
Title = {Digital Signal Processing: {S}ystem Analysis and Design},
Publisher = {Cambridge University Press},
Edition = {2nd Ed.},
Year = {2010} }

@book {Hayes96,
Author = {M. Hayes},
Title = {Statistical Digital Signal Processing},
Publisher = {John Wiley \& Sons},
Year = {1996} }

@book {Stoica05,
Author = {P. Stoica and R. Moses},
Title = {Spectral Analysis of Signals},
Publisher = {Prentice Hall},
Year = {2005} }

@misc{alteraFPGA07,
  author = {Altera Corp},
  title = {{FIR Compiler MegaCore Function}},
  year = {2010},
note= {www.altera.com }}

@misc{Mathworks01,
  author = {The Mathworks},
  title = {{ Filter Design and Analysis Tool}},
 year = {2010},
note= {http://www.mathworks.com }}

@book {lyons97,
Author = {R. Lyons},
Title = {{Understanding Digital Signal Processing}},
Publisher = {{Prentice Hall}},
Year = {1997} }

@book {Lyons10,
Author = {Richard G. Lyons},
Title = {{Understanding Digital Signal Processing}},
Publisher = {{Prentice Hall}},
Edition = {3rd},
Year = {2010} }


@misc{campbell04,
  author = {Ph.D., D.Sc. Colin K. Campbell},
  title = {{Understanding Surface Acoustic Wave (SAW) Devices for Mobile and Wireless
Applications and Design Technique}},
  year = {2004},
  url = {http://www3.sympatico.ca/colin.kydd.campbell/} }

@techreport {fujitsu08,
Author = {Fujitsu},
Title = {{SAW Filter}},
Institution = {{Fujitsu Laboratories Ltd.}},
Year = {2008}
}

@techreport {alteraFPGA05,
Author = {Altera Corp.},
Title = {{FPGAs for High-Performance DSP Applications}},
Institution = {Altera Corporation},
Year = {2005} }

@techreport {bdti01,
Author = {Berkeley Design Technology.},
Title = {{Choosing a DSP Processor}},
Institution = {BDTI},
Year = {1996-2000} }

@techreport {bdti02,
Author = {Berkeley Design Technology.},
Title = {{The Evolving Role of FPGAs in DSP Applications}},
Institution = {BDTI},
Year = {2007} }

@techreport {alteraFPGA06,
Author = {Altera Corp.},
Title = {{FPGAs Provide Reconfigurable DSP Solutions}},
Institution = {Altera Corporation},
Year = {2001} }

@techreport {altera_modsim,
Author = {Altera Corp.},
Title = {{Modelsim Altera 6.5b}},
Institution = {Altera Corporation},
Year = {2009} }

@techreport {Monica_2007,
Author = {M´onica Arroyuelo, Jorge Arroyuelo, Alejandro Grosso},
Title = {{FPGA-Based Digital Filters Using Bit-Serial Arithmetic}},
Institution = {Departamento de Informatica Universidad Nacional de San Luis Republica Argentina},
Year = {2007}}

@article{Sha_2006,
author = {Shahnam Mirzaei, Anup Hosangadi, Ryan Kastner},
Title = { {FPGA implementation of high speed FIR filters using add and shift method}},
Journal = {International Conference of Computed Design (ICCD '06)},
year = {2006},
pages = {1--4}}

@article{Mar_98,
 author = {Javier Valls Marcos and Marcos Martínez Peiró and Trini Sansaloni and Eduardo Boemo},
Title = {{Design and FPGA implementation of Digit-Serial FIR filters}},
Journal = {IEEE International Conference on Electronics, Circuits and Systems},
year = {1998},
pages = {191--194}}

@techreport{Yong_93,
author = {Yong Ching Lim and Joseph B. Evans and Bede Liu},
title = {{An Efficient Bit-Serial FIR Filter Architecture}},
Journal = {In Circuits  Systems and Signal Processing},
year = {1993}}

@article {Evans_93,
Author = {Joseph B. Evans},
Title = {An Efficient FIR filter Architecture},
Journal ={IEEE International Symposion on Circuits and Systems},
Pages = {627-630},
Year = {1993} }

@article {Chi_93,
Author = {Chi-Jui Chou, Satish Mohanakrishnan and Joseph Evans},
Title = {{FPGA Implementation of Digital Filters}},
Journal ={ International Conference on Signal Processing Applications and Technology},
Pages = {251-255},
Year = {1993} }


@Article{Vandewalle09,
   affiliation = {EPFL},
   author      = {Vandewalle, Patrick and Kovacevic, Jelena and Vetterli, Martin},
   details     = {http://infoscience.epfl.ch/record/136640},
   documenturl = {http://infoscience.epfl.ch/getfile.py?recid=136640&mode=best},
   doi         = {10.1109/MSP.2009.932122},
   journal     = {{IEEE} {S}ignal {P}rocessing {M}agazine},
   keywords    = {reproducible research; signal processing},
   number      = {3},
   oai-id      = {oai:infoscience.epfl.ch:136640},
   oai-set     = {article; fulltext-public; fulltext},
   pages       = {37--47},
   review      = {REVIEWED},
   status      = {PUBLISHED},
   title       = {Reproducible research in signal processing - what, why, and how},
   unit        = {LCAV},
   volume      = {26},
   year        = {2009}
}

@book {Haykin99signals,
Author = {S. Haykin and B. V. Veen},
Title = {Signals and Systems},
Publisher = {Wiley},
Year = {1999} }

@book {Lathi98,
Author = {B. Lathi},
Title = {Signal Processing and Linear Systems},
Publisher = {Berkeley Cambridge Press},
Year = {1978} }

@book {Malvar92,
Author = {H. Malvar},
Title = {Signal Processing with Lapped Transforms},
Publisher = {Artech House},
Year = {1992} }

@book {Oppenheim96,
Author = {A. Oppenheim and A. Willsky and S. Hamid},
Title = {Signals and Systems},
Edition = {2nd},
Publisher = {Prentice Hall},
Year = {1996} }

@book {Jayant84,
Author = {N. Jayant and P. Noll},
Title = {Digital Coding of Waveforms: Principles and Applications to Speech and Video},
Publisher = {Prentice Hall },
Year = {1984} }

@article {Butzer92,
Author = {P. Butzer and R. Stens},
Title = {Sampling theory for not necessarily band-limited functions: A historical overview},
Journal = {SIAM Review},
Volume = {34},
Pages = {40-53},
Year = {1992} }

@article {Luke99,
Author = {H. Luke},
Title = {The origins of the sampling theory},
Journal = {IEEE Communications Magazine},
Volume = {37},
Pages = {106-108},
Year = {1999} }

@book {Marvasti01,
Author = {F. Marvasti},
Title = {Nonuniform Sampling: Theory and Practice },
Publisher = {Springer},
Year = {2001} }

@book {Benedetto01,
Author = {J. Benedetto and P. Ferreira},
Title = {Modern Sampling Theory},
Publisher = {Birkhauser Boston},
Year = {2001} }

@book {Rao90,
Author = {K. Rao and P. Yip},
Title = {Discrete Cosine Transform---Algorithms, Advantages, Applications},
Publisher = {Academic Press},
Year = {1990} }

@book {Oppenheim75,
Author = {A. Oppenheim},
Title = {Digital Signal Processing},
Publisher = {Prentice-Hall},
Year = {1975} }

@book {Oppenheim89,
Author = {A. Oppenheim and R. Schafer},
Title = {Discrete-time signal processing},
Publisher = {Prentice-Hall},
Year = {1989} }

@book {Oppenheim09,
Author = {A. Oppenheim and R. Schafer},
Title = {Discrete-time signal processing},
Publisher = {Prentice-Hall},
Edition ={3rd},
Year = {2009} }

@book {Mitra01,
Author = {S. K. Mitra},
Title = {Digital Signal Processing, A Computer-Based Approach},
Edition ={2nd},
Publisher = {McGraw-Hill},
ISBN = {0072522615},
Year = {2001} }

@book {Mitra10,
Author = {Sanjit K. Mitra},
Title = {Digital Signal Processing, A Computer-Based Approach},
Edition ={4th},
Publisher = {McGraw-Hill},
Year = {2010} }

%Leonardo Ramalho
@misc{cycloneIII_overview,
  author = {Altera},
  title = {{Cyclone III Device Family Overview}},
  year = {2013},
	note= {\url{http://www.altera.com/literature/hb/cyc3/cyc3_ciii51004.pdf}}
}

%Leonardo Ramalho
@misc{dac5672,
  author = {Texas Instruments},
  title = {{DAC5672}},
  year = {2013},
	note= {\url{http://www.ti.com/product/dac5672}}
}

%Leonardo Ramalho, recomendado pela Analog Devices
@book{Smith99,
 Author = {Smith, Steven W.},
 Title = {The scientist and engineer's guide to digital signal processing},
 Edition ={2nd},
 Publisher = {California Technical Publishing},
 Year = {1999}
}

%Leonardo Ramalho
@misc{niosII,
  author = {Altera Corp.},
  title = {{Nios II Processor}},
	year = {2013},
	note= {\url{http://www.altera.com/devices/processor/nios2/ni2-index.html}}
}

% Igor Freire
@book{Milic09,
  title={Multirate Filtering for Digital Signal Processing: MATLAB Applications},
  author={L. Milic},
  isbn={9781605661797},
  lccn={2008031503},
  series={Premier reference source},
  url={https://books.google.com.br/books?id=bo1JBc-K\_OUC},
  year={2009},
  publisher={Information Science Reference}
}


Digital Signal Processing
Introduction:

    * James H. McClellan, Ronald W. Schafer, and Mark A. Yoder DSP First: A Multimedia Approach, Prentice Hall, ISBN 0-13-243171-8, 1998.
    * Douglas K. Lindner, Introduction to Signal and Systems, McGraw-Hill, ISBN 0-256-25259-9, 1999.
    * Sanjit K. Mitra, Digital Signal Processing Laboratory Using MATLAB, McGraw-Hill, ISBN 0-07-232246-2, 1999.
    * Chi-Tsong Chen, Digital Signal Processing, spectral computation and filter design, Oxford University Press, ISBN 0-19-513638-1, 2001.
    * John D. Sherrick, Concepts in Systems and Signals, Prentice Hall, 2000, ISBN 0-13-084115-3.
    * Jack Cartinhour, Digital Signal Processing: An Overview of Basic Principles , Prentice Hall, ISBN 0-13-769266-0, 2000.
    * Ashol Ambardar, Analog and Digital Signal Processing, 2nd ed., Brooks/Cole Publishing Company, ISBN 0-534-95409-X, 1999.

Theory:

    * Alan V. Oppenheim and Ronald W. Schafer, Discrete-Time Signal Processing, Prentice-Hall, ISBN 0-13-216292-X, 1989.
    * P. P. Vaidyanathan, Multirate Systems and Filter Banks, Englewood Cliffs, NJ, Prentice-Hall, ISBN 0-13-605718-7, 1993.
    * Stefan L. Hahn, Hilbert Transforms in Signal Processing, Artech House, ISBN 0-89006-886-0, 1996.
    * Thomas J. Cavicchi, Digital Signal Processing, John Wiley and Sons, Inc., ISBN 0-471-12472-9, 2000.

Advanced signal processing:

    * Monson H. Hayes, Statistical Digital Signal Processing and Modeling, John Wiley and Sons, ISBN 0-471-59431-8, 1996.
    * Dimitris G. Manolakis, Vinay K. Ingle, and Stephen M. Kogon, Statistical and Adaptive Signal Processing: Spectral Estimation, Signal Modeling, and Adaptive Filtering and Array Processing McGraw Hill, Inc., ISBN 0-07-040051-2, 2000
    * John R. Treichler, C. Richard Johnson, Jr., and Michael G. Larimore, Theory and Design of Adaptive Filters, Prentice Hall, ISBN 0-13-040265-6, 2001.
    * Lawrence J. Ziomek, Fundamentals of Acoustic Field Theory and Space-Time Signal Processing, CRC Press, ISBN 0-8493-9455-4, 1995.
    * Charles W. Therrien, Discrete Random Signals and Statistical Signal Processing, Prentice Hall, ISBN 0-13-852112-3, 1992.
    * Donald H. Johnson and Daniel E. Dudgeon, Array Signal Processing, Englewood Cliffs, NJ, Prentice-Hall, 1993.
    * Robert Grover Brown and Patrick Y. C. Hwang, Introduction to random signals and applied Kalman filtering, John Wiley and Sons, 1992, ISBN 0-471-12839-2.
    * Simon Haykin, Adaptive Filter Theory, Prentice Hall, ISBN 0-13-090126-1, 2002.
    * John R. Treichler, C. Richard Johnson, Jr. and Michael G. Larimore, Theory and Design of Adaptive Filters, Prentice Hall, ISBN 0-13-040265-6, 2001.
    * Allen Gersho and Robert M. Gray, Vector Quantization and Signal Compression, Kluwer Academic Publishers, ISBN 0-7923-9181-0, 1992.

%Patricio Cordeiro
@book{meyer2014digital,
  title={Digital Signal Processing With Field Programmable Gate Arrays},
  author={Meyer-Baese, U.},
  isbn={9783642453083},
  series={Signal and Communication Technology},
  year={2014},
  publisher={Springer Verlag}
}

@book {Burns00,
Author = {Mark Burns and Gordon W. Roberts},
Title = {An Introduction to Mixed-Signal IC Test and Measurement},
Publisher = {Oxford University Press},
Year = {2000} }


@book {Mahoney87,
Author = {Matthew Mahoney},
Title = {DSP-Based Testing of Analog and Mixed-Signal Circuits},
Publisher = {IEEE Computer Society Pres},
Year = {1987} }

@inproceedings {Wibbenmeyer05,
Author = {J.  Wibbenmeyer and C.  Chen},
Title = {Built-in  self-test  for  analog-to-digital converters  in  SoC  applications},
BookTitle = {31st Annual Conference of IEEE Industrial  Electronics  Society (IECON)},
Pages = {6 -10},
Year = {2005} }

@inproceedings {Hamzaoglu00,
Author = {I.  Hamzaoglu and J.H.  Patel},
Title = {Reducing test application time for built-inself-test  test  pattern  generators},
BookTitle = {18th IEEE VLSI Test Symposium},
Pages = {369-375},
Year = {2000} }
